@book{hesthaven2007nodal,
  title={Nodal discontinuous Galerkin methods: algorithms, analysis, and applications},
  author={Hesthaven, Jan S and Warburton, Tim},
  year={2007},
  publisher={Springer Science and Business Media}
}

@article{krivodonova2007limiters,
  title={Limiters for high-order discontinuous {G}alerkin methods},
  author={Krivodonova, Lilia},
  journal={Journal of Computational Physics},
  volume={226},
  number={1},
  pages={879--896},
  year={2007},
  publisher={Elsevier}
}

@article{biswas1994parallel,
  title={Parallel, adaptive finite element methods for conservation laws},
  author={Biswas, Rupak and Devine, Karen D. and Flaherty, Joseph E.},
  journal={Applied Numerical Mathematics},
  volume={14},
  number={1-3},
  pages={255--283},
  year={1994},
  publisher={Elsevier}
}

@article{dumbser2014posteriori,
  title={A posteriori subcell limiting of the discontinuous Galerkin finite element method for hyperbolic conservation laws},
  author={Dumbser, Michael and Zanotti, Olindo and Loub{\`e}re, Rapha{\"e}l and Diot, Steven},
  journal={Journal of Computational Physics},
  volume={278},
  pages={47--75},
  year={2014},
  publisher={Elsevier}
}

@article{clainavery,
  title={A very high-order finite volume method for hyperbolic systems: Multi-dimensional Optimal Order Detection (MOOD).},
  author={Claina, S and Diota, S and Louberea, R}
}

@article{diot2012improved,
  title={Improved detection criteria for the multi-dimensional optimal order detection (MOOD) on unstructured meshes with very high-order polynomials},
  author={Diot, Steven and Clain, St{\'e}phane and Loub{\`e}re, Rapha{\"e}l},
  journal={Computers \& Fluids},
  volume={64},
  pages={43--63},
  year={2012},
  publisher={Elsevier}
}

@article{bourgeois2021gp,
  title={GP-MOOD: A positive-preserving high-order finite volume method for hyperbolic conservation laws},
  author={Bourgeois, R{\'e}mi and Lee, Dongwook},
  journal={arXiv preprint arXiv:2110.08683},
  year={2021}
}

@article{qiu2005comparison,
  title={A comparison of troubled-cell indicators for Runge--Kutta discontinuous Galerkin methods using weighted essentially nonoscillatory limiters},
  author={Qiu, Jianxian and Shu, Chi-Wang},
  journal={SIAM Journal on Scientific Computing},
  volume={27},
  number={3},
  pages={995--1013},
  year={2005},
  publisher={SIAM}
}


@article{wang2013high,
  title={High-order {CFD} methods: current status and perspective},
  author={Wang, Zhijian J and Fidkowski, Krzysztof and Abgrall, R{\'e}mi and Bassi, Francesco and Caraeni, Doru and Cary, Andrew and Deconinck, Herman and Hartmann, Ralf and Hillewaert, Koen and Huynh, Hung T and others},
  journal={International Journal for Numerical Methods in Fluids},
  volume={72},
  number={8},
  pages={811--845},
  year={2013},
  publisher={Wiley Online Library}
}

@inproceedings{pazner2017high,
  title={High-order DNS and LES simulations using an implicit tensor-product discontinuous Galerkin method},
  author={Pazner, Will and Persson, Per-Olof},
  booktitle={23rd AIAA Computational Fluid Dynamics Conference},
  pages={3948},
  year={2017}
}

@article{brus2019high,
  title={High-order discontinuous Galerkin methods for coastal hydrodynamics applications},
  author={Brus, SR and Wirasaet, D and Kubatko, EJ and Westerink, JJ and Dawson, C},
  journal={Computer Methods in Applied Mechanics and Engineering},
  volume={355},
  pages={860--899},
  year={2019},
  publisher={Elsevier}
}

@article{persson2013sparse,
  title={A sparse and high-order accurate line-based discontinuous {G}alerkin method for unstructured meshes},
  author={Persson, Per-Olof},
  journal={Journal of Computational Physics},
  volume={233},
  pages={414--429},
  year={2013},
  publisher={Elsevier}
}

@article{pazner2018approximate,
  title={Approximate tensor-product preconditioners for very high order discontinuous {G}alerkin methods},
  author={Pazner, Will and Persson, Per-Olof},
  journal={Journal of Computational Physics},
  volume={354},
  pages={344--369},
  year={2018},
  publisher={Elsevier}
}

@inproceedings{pazner2018interior,
  title={Interior penalty tensor-product preconditioners for high-order discontinuous Galerkin discretizations},
  author={Pazner, Will and Persson, Per-Olof},
  booktitle={2018 AIAA Aerospace Sciences Meeting},
  pages={1093},
  year={2018}
}


@article{pazner2017stage,
  title={Stage-parallel fully implicit {R}unge--{K}utta solvers for discontinuous {G}alerkin fluid simulations},
  author={Pazner, Will and Persson, Per-Olof},
  journal={Journal of Computational Physics},
  volume={335},
  pages={700--717},
  year={2017},
  publisher={Elsevier}
}

@article{krivodonova2013analysis,
  title={An analysis of the spectrum of the discontinuous {G}alerkin method},
  author={Krivodonova, Lilia and Qin, Ruibin},
  journal={Applied Numerical Mathematics},
  volume={64},
  pages={1--18},
  year={2013},
  publisher={Elsevier}
}


@incollection{orszag1979spectral,
  title={Spectral methods for problems in complex geometrics},
  author={Orszag, Steven A},
  booktitle={Numerical methods for partial differential equations},
  pages={273--305},
  year={1979},
  publisher={Elsevier}
}

@article{vos2010h,
  title={From h to p efficiently: Implementing finite and spectral/hp element methods to achieve optimal performance for low-and high-order discretisations},
  author={Vos, Peter EJ and Sherwin, Spencer J and Kirby, Robert M},
  journal={Journal of Computational Physics},
  volume={229},
  number={13},
  pages={5161--5181},
  year={2010},
  publisher={Elsevier}
}

@incollection{van1993approximation,
  title={Approximation with {K}ronecker products},
  author={{V}an {L}oan, {C}harles {F} and {P}itsianis, Nikos},
  booktitle={Linear algebra for large scale and real-time applications},
  pages={293--314},
  year={1993},
  publisher={Springer}
}


@article{van2000ubiquitous,
  title={The ubiquitous {K}ronecker product},
  author={Van Loan, Charles F},
  journal={Journal of computational and applied mathematics},
  volume={123},
  number={1-2},
  pages={85--100},
  year={2000},
  publisher={Elsevier}
}

@article{alexander1977diagonally,
  title={Diagonally implicit Runge--Kutta methods for stiff ODEâ€™s},
  author={Alexander, Roger},
  journal={SIAM Journal on Numerical Analysis},
  volume={14},
  number={6},
  pages={1006--1021},
  year={1977},
  publisher={SIAM}
}

@article{brown2018ecp,
  title={ECP Milestone Report Public release of CEED 1.0 WBS 2.2. 6.06, Milestone CEED-MS13},
  author={Brown, Jed and Abdelfata, Ahmad and Camier, Jean-Sylvain and Dobrev, Veselin and Dongarra, Jack and Fischer, Paul and Fisher, Aaron and Dudouit, Yohann and Haidar, Azzam and Kamran, Kazem and others},
  journal={Available at: ceed. exascaleproject. org/docs/ceed-ms13-report. pdf (accessed 1 December 2018)},
  year={2018}
}

@article{Klockner:2009:NDG:1613335.1613429,
 author = {Kl\"{o}ckner, A. and Warburton, T. and Bridge, J. and Hesthaven, J. S.},
 title = {Nodal Discontinuous {G}alerkin Methods on Graphics Processors},
 journal = {J. Comput. Phys.},
 issue_date = {November, 2009},
 volume = {228},
 number = {21},
 month = nov,
 year = {2009},
 issn = {0021-9991},
 pages = {7863--7882},
 numpages = {20},
 url = {http://dx.doi.org/10.1016/j.jcp.2009.06.041},
 doi = {10.1016/j.jcp.2009.06.041},
 acmid = {1613429},
 publisher = {Academic Press Professional, Inc.},
 address = {San Diego, CA, USA},
 keywords = {Discontinuous Galerkin, GPU, High order, Many-core, Maxwell's equations, Parallel computation},
} 


@techreport{reed1973triangular,
  title={Triangular mesh methods for the neutron transport equation},
  author={Reed, William H and Hill, TR},
  year={1973},
  institution={Los Alamos Scientific Lab., N. Mex.(USA)}
}

@article{chavent1982finite,
author = {Chavent, Guy and Salzano, G},
year = {1982},
month = {03},
pages = {307-344},
title = {A Finite-Element Method for the 1-D Water Flooding Problem with Gravity},
volume = {45},
journal = {Journal of Computational Physics - J COMPUT PHYS},
doi = {10.1016/0021-9991(82)90107-3}
}

@article{chavent1989local,
  title={The local projection $ P^{0}-P^{1}$-discontinuous-Galerkin finite element method for scalar conservation laws},
  author={Chavent, Guy and Cockburn, Bernardo},
  journal={ESAIM: Mathematical Modelling and Numerical Analysis-Mod{\'e}lisation Math{\'e}matique et Analyse Num{\'e}rique},
  volume={23},
  number={4},
  pages={565--592},
  year={1989}
}

@article{cockburn1989tvb2,
  title={TVB Runge-Kutta local projection discontinuous Galerkin finite element method for conservation laws. II. General framework},
  author={Cockburn, Bernardo and Shu, Chi-Wang},
  journal={Mathematics of computation},
  volume={52},
  number={186},
  pages={411--435},
  year={1989}
}

@article{cockburn1989tvb3,
  title={TVB Runge-Kutta local projection discontinuous Galerkin finite element method for conservation laws III: one-dimensional systems},
  author={Cockburn, Bernardo and Lin, San-Yih and Shu, Chi-Wang},
  journal={Journal of Computational Physics},
  volume={84},
  number={1},
  pages={90--113},
  year={1989},
  publisher={Elsevier}
}

@article{cockburn1990runge4,
  title={The Runge-Kutta local projection discontinuous Galerkin finite element method for conservation laws. IV. The multidimensional case},
  author={Cockburn, Bernardo and Hou, Suchung and Shu, Chi-Wang},
  journal={Mathematics of Computation},
  volume={54},
  number={190},
  pages={545--581},
  year={1990}
}

@article{cockburn1998runge5,
  title={The Runge--Kutta discontinuous Galerkin method for conservation laws V: multidimensional systems},
  author={Cockburn, Bernardo and Shu, Chi-Wang},
  journal={Journal of Computational Physics},
  volume={141},
  number={2},
  pages={199--224},
  year={1998},
  publisher={Elsevier}
}

@article{cockburn1991localp1,
     author = {Cockburn, Bernardo and Shu, Chi-Wang},
     title = {The Runge-Kutta local projection $P^1$-discontinuous-Galerkin finite element method for scalar conservation laws},
     journal = {ESAIM: Mathematical Modelling and Numerical Analysis - Mod\'elisation Math\'ematique et Analyse Num\'erique},
     publisher = {Dunod},
     volume = {25},
     number = {3},
     year = {1991},
     pages = {337-361},
     zbl = {0732.65094},
     mrnumber = {1103092},
     language = {en},
     url = {http://www.numdam.org/item/M2AN_1991__25_3_337_0}
}

@article{cockburn2009derivation,
  title={The derivation of hybridizable discontinuous Galerkin methods for Stokes flow},
  author={Cockburn, Bernardo and Gopalakrishnan, Jayadeep},
  journal={SIAM Journal on Numerical Analysis},
  volume={47},
  number={2},
  pages={1092--1125},
  year={2009},
  publisher={SIAM}
}

@article{cockburn2009unified,
  title={Unified hybridization of discontinuous {G}alerkin, mixed, and continuous {G}alerkin methods for second order elliptic problems},
  author={Cockburn, Bernardo and Gopalakrishnan, Jayadeep and Lazarov, Raytcho},
  journal={SIAM Journal on Numerical Analysis},
  volume={47},
  number={2},
  pages={1319--1365},
  year={2009},
  publisher={SIAM}
}

@article{diosady2017tensor,
  title={Tensor-product preconditioners for higher-order space--time discontinuous {G}alerkin methods},
  author={Diosady, Laslo T and Murman, Scott M},
  journal={Journal of Computational Physics},
  volume={330},
  pages={296--318},
  year={2017},
  publisher={Elsevier}
}

@article{sappl2019deep,
  title={Deep Learning of Preconditioners for Conjugate Gradient Solvers in Urban Water Related Problems},
  author={Sappl, Johannes and Seiler, Laurent and Harders, Matthias and Rauch, Wolfgang},
  journal={arXiv preprint arXiv:1906.06925},
  year={2019}
}

@inproceedings{gotz2018machine,
  title={Machine learning-aided numerical linear algebra: Convolutional neural networks for the efficient preconditioner generation},
  author={G{\"o}tz, Markus and Anzt, Hartwig},
  booktitle={2018 IEEE/ACM 9th Workshop on Latest Advances in Scalable Algorithms for Large-Scale Systems (scalA)},
  pages={49--56},
  year={2018},
  organization={IEEE}
}


@article{lecun1989backpropagation,
  title={Backpropagation applied to handwritten zip code recognition},
  author={LeCun, Yann and Boser, Bernhard and Denker, John S and Henderson, Donnie and Howard, Richard E and Hubbard, Wayne and Jackel, Lawrence D},
  journal={Neural computation},
  volume={1},
  number={4},
  pages={541--551},
  year={1989},
  publisher={MIT Press}
}

@article{sahoo2017online,
  title={Online deep learning: Learning deep neural networks on the fly},
  author={Sahoo, Doyen and Pham, Quang and Lu, Jing and Hoi, Steven CH},
  journal={arXiv preprint arXiv:1711.03705},
  year={2017}
}
